<record><leader>00000cas a22000007a 4500</leader><controlfield tag="001">10722255</controlfield><controlfield tag="008">840512d18761881mdudn ne      0    0eng d</controlfield><datafield ind1=" " ind2=" " tag="010"><subfield code="a">sn 84026779 </subfield></datafield><datafield ind1=" " ind2=" " tag="040"><subfield code="a">NPU</subfield><subfield code="b">eng</subfield><subfield code="c">NPU</subfield><subfield code="d">NPX</subfield><subfield code="d">DLC</subfield><subfield code="d">MFN</subfield><subfield code="d">NVK</subfield><subfield code="d">OCLCF</subfield><subfield code="d">OCLCO</subfield></datafield><datafield ind1="1" ind2=" " tag="029"><subfield code="a">AU@</subfield><subfield code="b">000025786298</subfield></datafield><datafield ind1=" " ind2=" " tag="042"><subfield code="a">msc</subfield></datafield><datafield ind1="0" ind2="0" tag="050"><subfield code="a">Newspaper</subfield></datafield><datafield ind1="0" ind2=" " tag="130"><subfield code="a">Gazette (Baltimore, Md. : 1876)</subfield></datafield><datafield ind1="0" ind2="4" tag="245"><subfield code="a">The gazette.</subfield></datafield><datafield ind1=" " ind2=" " tag="260"><subfield code="a">Baltimore, Md. :</subfield><subfield code="b">Gazette Pub. Co.,</subfield><subfield code="c">1876-1881.</subfield></datafield><datafield ind1=" " ind2=" " tag="300"><subfield code="a">v.</subfield></datafield><datafield ind1=" " ind2=" " tag="310"><subfield code="a">Daily (except Sun.)</subfield></datafield><datafield ind1="0" ind2=" " tag="362"><subfield code="a">Vol. 37, no. 1 (Jan. 1, 1876)-no. 6,974 (Apr. 30, 1881).</subfield></datafield><datafield ind1=" " ind2=" " tag="530"><subfield code="a">Also available on microfilm from the Library of Congress Photoduplication Service.</subfield></datafield><datafield ind1=" " ind2=" " tag="580"><subfield code="a">Weekly eds.: Baltimore weekly gazette (Baltimore, Md. : 1868); Weekly gazette (Baltimore, Md.).</subfield></datafield><datafield ind1=" " ind2="0" tag="651"><subfield code="a">Baltimore (Md.)</subfield><subfield code="v">Newspapers.</subfield></datafield><datafield ind1=" " ind2="7" tag="655"><subfield code="a">Newspapers.</subfield><subfield code="2">fast</subfield><subfield code="0">(OCoLC)fst01423814</subfield></datafield><datafield ind1=" " ind2="7" tag="651"><subfield code="a">Maryland</subfield><subfield code="z">Baltimore.</subfield><subfield code="2">fast</subfield><subfield code="0">(OCoLC)fst01204292</subfield></datafield><datafield ind1=" " ind2=" " tag="752"><subfield code="a">United States</subfield><subfield code="b">Maryland</subfield><subfield code="d">Baltimore.</subfield></datafield><datafield ind1="1" ind2=" " tag="775"><subfield code="t">Baltimore weekly gazette (Baltimore, Md. : 1868)</subfield><subfield code="w">(DLC)sn 83016372</subfield></datafield><datafield ind1="1" ind2=" " tag="775"><subfield code="t">Weekly gazette (Baltimore, Md.)</subfield><subfield code="w">(DLC)sn 84026864</subfield></datafield><datafield ind1="0" ind2="0" tag="780"><subfield code="t">Baltimore gazette (Baltimore, Md. : 1865)</subfield><subfield code="w">(DLC)sn 84026863</subfield></datafield><datafield ind1="0" ind2="0" tag="785"><subfield code="t">Baltimore gazette (Baltimore, Md. : 1881)</subfield><subfield code="w">(DLC)sn 89060253</subfield></datafield></record>